%YAML 1.1
%TAG !u! tag:unity3d.com,2011:
--- !u!29 &1
OcclusionCullingSettings:
  m_ObjectHideFlags: 0
  serializedVersion: 2
  m_OcclusionBakeSettings:
    smallestOccluder: 5
    smallestHole: 0.25
    backfaceThreshold: 100
  m_SceneGUID: 00000000000000000000000000000000
  m_OcclusionCullingData: {fileID: 0}
--- !u!104 &2
RenderSettings:
  m_ObjectHideFlags: 0
  serializedVersion: 9
  m_Fog: 0
  m_FogColor: {r: 0.5, g: 0.5, b: 0.5, a: 1}
  m_FogMode: 3
  m_FogDensity: 0.01
  m_LinearFogStart: 0
  m_LinearFogEnd: 300
  m_AmbientSkyColor: {r: 0.212, g: 0.227, b: 0.259, a: 1}
  m_AmbientEquatorColor: {r: 0.114, g: 0.125, b: 0.133, a: 1}
  m_AmbientGroundColor: {r: 0.047, g: 0.043, b: 0.035, a: 1}
  m_AmbientIntensity: 1
  m_AmbientMode: 3
  m_SubtractiveShadowColor: {r: 0.42, g: 0.478, b: 0.627, a: 1}
  m_SkyboxMaterial: {fileID: 0}
  m_HaloStrength: 0.5
  m_FlareStrength: 1
  m_FlareFadeSpeed: 3
  m_HaloTexture: {fileID: 0}
  m_SpotCookie: {fileID: 10001, guid: 0000000000000000e000000000000000, type: 0}
  m_DefaultReflectionMode: 0
  m_DefaultReflectionResolution: 128
  m_ReflectionBounces: 1
  m_ReflectionIntensity: 1
  m_CustomReflection: {fileID: 0}
  m_Sun: {fileID: 0}
  m_IndirectSpecularColor: {r: 0, g: 0, b: 0, a: 1}
  m_UseRadianceAmbientProbe: 0
--- !u!157 &3
LightmapSettings:
  m_ObjectHideFlags: 0
  serializedVersion: 11
  m_GIWorkflowMode: 1
  m_GISettings:
    serializedVersion: 2
    m_BounceScale: 1
    m_IndirectOutputScale: 1
    m_AlbedoBoost: 1
    m_TemporalCoherenceThreshold: 1
    m_EnvironmentLightingMode: 0
    m_EnableBakedLightmaps: 0
    m_EnableRealtimeLightmaps: 0
  m_LightmapEditorSettings:
    serializedVersion: 10
    m_Resolution: 2
    m_BakeResolution: 40
    m_AtlasSize: 1024
    m_AO: 0
    m_AOMaxDistance: 1
    m_CompAOExponent: 0
    m_CompAOExponentDirect: 0
    m_Padding: 2
    m_LightmapParameters: {fileID: 0}
    m_LightmapsBakeMode: 1
    m_TextureCompression: 1
    m_FinalGather: 0
    m_FinalGatherFiltering: 1
    m_FinalGatherRayCount: 1024
    m_ReflectionCompression: 2
    m_MixedBakeMode: 1
    m_BakeBackend: 0
    m_PVRSampling: 1
    m_PVRDirectSampleCount: 32
    m_PVRSampleCount: 500
    m_PVRBounces: 2
    m_PVRFilterTypeDirect: 0
    m_PVRFilterTypeIndirect: 0
    m_PVRFilterTypeAO: 0
    m_PVRFilteringMode: 0
    m_PVRCulling: 1
    m_PVRFilteringGaussRadiusDirect: 1
    m_PVRFilteringGaussRadiusIndirect: 5
    m_PVRFilteringGaussRadiusAO: 2
    m_PVRFilteringAtrousPositionSigmaDirect: 0.5
    m_PVRFilteringAtrousPositionSigmaIndirect: 2
    m_PVRFilteringAtrousPositionSigmaAO: 1
    m_ShowResolutionOverlay: 1
  m_LightingDataAsset: {fileID: 0}
  m_UseShadowmask: 0
--- !u!196 &4
NavMeshSettings:
  serializedVersion: 2
  m_ObjectHideFlags: 0
  m_BuildSettings:
    serializedVersion: 2
    agentTypeID: 0
    agentRadius: 0.5
    agentHeight: 2
    agentSlope: 45
    agentClimb: 0.4
    ledgeDropHeight: 0
    maxJumpAcrossDistance: 0
    minRegionArea: 2
    manualCellSize: 0
    cellSize: 0.16666667
    manualTileSize: 0
    tileSize: 256
    accuratePlacement: 0
    debug:
      m_Flags: 0
  m_NavMeshData: {fileID: 0}
--- !u!1 &34052530
GameObject:
  m_ObjectHideFlags: 0
  m_PrefabParentObject: {fileID: 0}
  m_PrefabInternal: {fileID: 0}
  serializedVersion: 5
  m_Component:
  - component: {fileID: 34052532}
  - component: {fileID: 34052531}
  m_Layer: 0
  m_Name: Fading
  m_TagString: Untagged
  m_Icon: {fileID: 0}
  m_NavMeshLayer: 0
  m_StaticEditorFlags: 0
  m_IsActive: 1
--- !u!114 &34052531
MonoBehaviour:
  m_ObjectHideFlags: 0
  m_PrefabParentObject: {fileID: 0}
  m_PrefabInternal: {fileID: 0}
  m_GameObject: {fileID: 34052530}
  m_Enabled: 1
  m_EditorHideFlags: 0
  m_Script: {fileID: 11500000, guid: 793d6b58571179a4c812ace65a41fac2, type: 3}
  m_Name: 
  m_EditorClassIdentifier: 
  FadePrefab: {fileID: 22302214, guid: 092b36bdd2591fa4b990f1b702256217, type: 2}
--- !u!4 &34052532
Transform:
  m_ObjectHideFlags: 0
  m_PrefabParentObject: {fileID: 0}
  m_PrefabInternal: {fileID: 0}
  m_GameObject: {fileID: 34052530}
  m_LocalRotation: {x: 0, y: 0, z: 0, w: 1}
  m_LocalPosition: {x: 0, y: 0, z: 0}
  m_LocalScale: {x: 1, y: 1, z: 1}
  m_Children: []
  m_Father: {fileID: 0}
  m_RootOrder: 8
  m_LocalEulerAnglesHint: {x: 0, y: 0, z: 0}
--- !u!1 &287949840
GameObject:
  m_ObjectHideFlags: 0
  m_PrefabParentObject: {fileID: 0}
  m_PrefabInternal: {fileID: 0}
  serializedVersion: 5
  m_Component:
  - component: {fileID: 287949846}
  - component: {fileID: 287949845}
  - component: {fileID: 287949844}
  - component: {fileID: 287949843}
  - component: {fileID: 287949842}
  - component: {fileID: 287949841}
  m_Layer: 0
  m_Name: GameController
  m_TagString: Untagged
  m_Icon: {fileID: 0}
  m_NavMeshLayer: 0
  m_StaticEditorFlags: 0
  m_IsActive: 1
--- !u!114 &287949841
MonoBehaviour:
  m_ObjectHideFlags: 0
  m_PrefabParentObject: {fileID: 0}
  m_PrefabInternal: {fileID: 0}
  m_GameObject: {fileID: 287949840}
  m_Enabled: 1
  m_EditorHideFlags: 0
  m_Script: {fileID: 11500000, guid: d964a4ce7e484fd4fabe08e9e13724d0, type: 3}
  m_Name: 
  m_EditorClassIdentifier: 
  nieudaneProby: 0
  countText: {fileID: 884886999}
--- !u!114 &287949842
MonoBehaviour:
  m_ObjectHideFlags: 0
  m_PrefabParentObject: {fileID: 0}
  m_PrefabInternal: {fileID: 0}
  m_GameObject: {fileID: 287949840}
  m_Enabled: 1
  m_EditorHideFlags: 0
  m_Script: {fileID: 11500000, guid: 67405d219410f7c47bf0596ae871be10, type: 3}
  m_Name: 
  m_EditorClassIdentifier: 
  buttonPrefab:
  - {fileID: 122190, guid: 14f9d89b7d2c37f4a9b64f79b72c5bb2, type: 2}
  - {fileID: 196654, guid: fc75df59daace41449ebe171cd87c228, type: 2}
  - {fileID: 116486, guid: 73fed73cf21845d4f9ac4a82ec81ad9e, type: 2}
  - {fileID: 121288, guid: 5a9628cb99e9313498810fd2769305a3, type: 2}
  - {fileID: 168238, guid: 770514a6a6812fe4e9d590b827ce9162, type: 2}
  - {fileID: 157040, guid: 18782a95f28742e4d926ecd5d4caedd6, type: 2}
  - {fileID: 120956, guid: b18a451f674f5ae4fb9b213dea2ecdc3, type: 2}
  - {fileID: 108096, guid: e220d3cde03b7094fbf267044fe9bbab, type: 2}
  - {fileID: 158882, guid: 2b2505493f052554aa64750e43db411b, type: 2}
  - {fileID: 148820, guid: dfb6b1e766ae51144b536f833176fc94, type: 2}
  - {fileID: 145308, guid: 6d4925ca5a9adb246b247089a37615bf, type: 2}
  - {fileID: 129578, guid: b17b29058dbbeca4780b39d2535a812f, type: 2}
  buttonSprites:
  - {fileID: 21300000, guid: 0d59c5e7bca3fad4d904995129bff8e3, type: 3}
  - {fileID: 21300000, guid: c8d1fe51760068f4e932b47583ea58d2, type: 3}
  - {fileID: 21300000, guid: bf1c3641ebff71e47adc3712e4385e43, type: 3}
  - {fileID: 21300000, guid: a197ed7094035ad46b2b204970e00ce4, type: 3}
  - {fileID: 21300000, guid: b95484c93d936c444a47eca68331fc7a, type: 3}
  - {fileID: 21300000, guid: b29460319e790294c89598d783715252, type: 3}
  - {fileID: 21300000, guid: d676acb3fd7aad240964c7a9a3ccf173, type: 3}
  - {fileID: 21300000, guid: 99ea48582ef22714a9bd50f4f253b3b2, type: 3}
  - {fileID: 21300000, guid: 94db20da8b9f55e4f80dfa2b70368b51, type: 3}
  - {fileID: 21300000, guid: 3d50039fe5c663744aa4067a5c414885, type: 3}
  - {fileID: 21300000, guid: aa9ce9b526b8a2747b4624273aa26ff0, type: 3}
  - {fileID: 21300000, guid: db8dc99cf1dd02d4ba1525dbb730b5e8, type: 3}
  pozycja:
  - {x: -10, y: -2, z: 0}
  - {x: -6, y: -2, z: 0}
  - {x: -2, y: -2, z: 0}
  - {x: 2, y: -2, z: 0}
  - {x: 6, y: -2, z: 0}
  - {x: 10, y: -2, z: 0}
  - {x: -10, y: -6, z: 0}
  - {x: -6, y: -6, z: 0}
  - {x: -2, y: -6, z: 0}
  - {x: 2, y: -6, z: 0}
  - {x: 6, y: -6, z: 0}
  - {x: 10, y: -6, z: 0}
  buttonCount: 12
--- !u!114 &287949843
MonoBehaviour:
  m_ObjectHideFlags: 0
  m_PrefabParentObject: {fileID: 0}
  m_PrefabInternal: {fileID: 0}
  m_GameObject: {fileID: 287949840}
  m_Enabled: 1
  m_EditorHideFlags: 0
  m_Script: {fileID: 11500000, guid: c4d262f8555e9cb429b91e6ea5453f0b, type: 3}
  m_Name: 
  m_EditorClassIdentifier: 
  buttonIntervalSamplePrefab: {fileID: 151082, guid: d468c1eb54bd0234ea00fd6953fed27b,
    type: 2}
  buttonIntervalSampleSprite: {fileID: 21300000, guid: 593fec9509f7dd24eaaf54c67e205c5e,
    type: 3}
  audioSprites:
  - {fileID: 8300000, guid: dd915a1a5ebe6894f8f40adca3046cd2, type: 3}
  - {fileID: 8300000, guid: 074c005b084e31e438f6e9596225f43f, type: 3}
  - {fileID: 8300000, guid: c69906dfd71ff5a43a2df52e741d8ec7, type: 3}
  - {fileID: 8300000, guid: 12b69940a31fe044289aa1ab0c5b61b2, type: 3}
  - {fileID: 8300000, guid: 75be15956f167ca4a9d63c47761291ef, type: 3}
  - {fileID: 8300000, guid: 324e8b6cba6b3064fa328b56be6e66a5, type: 3}
  - {fileID: 8300000, guid: c6895f242c8ac6240862a32a0ebe9164, type: 3}
  - {fileID: 8300000, guid: 3f78687cb2b741048a3ee030c5b869dc, type: 3}
  - {fileID: 8300000, guid: 57ea28575e6218143944d758db8e2438, type: 3}
  - {fileID: 8300000, guid: 74c7a61a677dd1343a0e731dd652e49c, type: 3}
  - {fileID: 8300000, guid: 4f2ca2d3ff9ebcf42a228a0b469bab38, type: 3}
  - {fileID: 8300000, guid: 16983518ea3cd7f4f92fdef8e724790a, type: 3}
  - {fileID: 8300000, guid: f3dfe89bdfc9e974b958e27bbfc2e730, type: 3}
  speed: 0.5
  roznica: 0
  pozycja: {x: 0, y: 3, z: 0}
--- !u!114 &287949844
MonoBehaviour:
  m_ObjectHideFlags: 0
  m_PrefabParentObject: {fileID: 0}
  m_PrefabInternal: {fileID: 0}
  m_GameObject: {fileID: 287949840}
  m_Enabled: 1
  m_EditorHideFlags: 0
  m_Script: {fileID: 11500000, guid: e539fb8aeeb1db348b0ebe4a51d4e177, type: 3}
  m_Name: 
  m_EditorClassIdentifier: 
  buttonRestartScenePrefab: {fileID: 148062, guid: 9d5cda79299e2174da215922c4a8a852,
    type: 2}
  buttonRestartSceneSprite: {fileID: 21300000, guid: 6b60a96fcc1f57f4c850612a64c39699,
    type: 3}
--- !u!114 &287949845
MonoBehaviour:
  m_ObjectHideFlags: 0
  m_PrefabParentObject: {fileID: 0}
  m_PrefabInternal: {fileID: 0}
  m_GameObject: {fileID: 287949840}
  m_Enabled: 1
  m_EditorHideFlags: 0
  m_Script: {fileID: 11500000, guid: c4919e392ee726c4f9a86493850bc750, type: 3}
  m_Name: 
  m_EditorClassIdentifier: 
  buttonRestartScenePrefab: {fileID: 119686, guid: f0b7a19c369b79f45b19f9c4fd9c9a41,
    type: 2}
  buttonRestartSceneSprite: {fileID: 21300000, guid: f6808caae88d0e2449a1c3f2bde3f699,
    type: 3}
  restartSceneString: ILevel7
--- !u!4 &287949846
Transform:
  m_ObjectHideFlags: 0
  m_PrefabParentObject: {fileID: 0}
  m_PrefabInternal: {fileID: 0}
  m_GameObject: {fileID: 287949840}
  m_LocalRotation: {x: 0, y: 0, z: 0, w: 1}
  m_LocalPosition: {x: 0, y: 0, z: 0}
  m_LocalScale: {x: 1, y: 1, z: 1}
  m_Children: []
  m_Father: {fileID: 0}
  m_RootOrder: 5
  m_LocalEulerAnglesHint: {x: 0, y: 0, z: 0}
--- !u!1 &556150414
GameObject:
  m_ObjectHideFlags: 0
  m_PrefabParentObject: {fileID: 0}
  m_PrefabInternal: {fileID: 0}
  serializedVersion: 5
  m_Component:
  - component: {fileID: 556150418}
  - component: {fileID: 556150417}
  - component: {fileID: 556150416}
  - component: {fileID: 556150415}
  m_Layer: 0
  m_Name: EventSystem
  m_TagString: Untagged
  m_Icon: {fileID: 0}
  m_NavMeshLayer: 0
  m_StaticEditorFlags: 0
  m_IsActive: 1
--- !u!114 &556150415
MonoBehaviour:
  m_ObjectHideFlags: 0
  m_PrefabParentObject: {fileID: 0}
  m_PrefabInternal: {fileID: 0}
  m_GameObject: {fileID: 556150414}
  m_Enabled: 1
  m_EditorHideFlags: 0
  m_Script: {fileID: 1997211142, guid: f5f67c52d1564df4a8936ccd202a3bd8, type: 3}
  m_Name: 
  m_EditorClassIdentifier: 
  m_ForceModuleActive: 0
--- !u!114 &556150416
MonoBehaviour:
  m_ObjectHideFlags: 0
  m_PrefabParentObject: {fileID: 0}
  m_PrefabInternal: {fileID: 0}
  m_GameObject: {fileID: 556150414}
  m_Enabled: 1
  m_EditorHideFlags: 0
  m_Script: {fileID: 1077351063, guid: f5f67c52d1564df4a8936ccd202a3bd8, type: 3}
  m_Name: 
  m_EditorClassIdentifier: 
  m_HorizontalAxis: Horizontal
  m_VerticalAxis: Vertical
  m_SubmitButton: Submit
  m_CancelButton: Cancel
  m_InputActionsPerSecond: 10
  m_RepeatDelay: 0.5
  m_ForceModuleActive: 0
--- !u!114 &556150417
MonoBehaviour:
  m_ObjectHideFlags: 0
  m_PrefabParentObject: {fileID: 0}
  m_PrefabInternal: {fileID: 0}
  m_GameObject: {fileID: 556150414}
  m_Enabled: 1
  m_EditorHideFlags: 0
  m_Script: {fileID: -619905303, guid: f5f67c52d1564df4a8936ccd202a3bd8, type: 3}
  m_Name: 
  m_EditorClassIdentifier: 
  m_FirstSelected: {fileID: 0}
  m_sendNavigationEvents: 1
  m_DragThreshold: 5
--- !u!4 &556150418
Transform:
  m_ObjectHideFlags: 0
  m_PrefabParentObject: {fileID: 0}
  m_PrefabInternal: {fileID: 0}
  m_GameObject: {fileID: 556150414}
  m_LocalRotation: {x: 0, y: 0, z: 0, w: 1}
  m_LocalPosition: {x: 0, y: 0, z: 0}
  m_LocalScale: {x: 1, y: 1, z: 1}
  m_Children: []
  m_Father: {fileID: 0}
  m_RootOrder: 1
  m_LocalEulerAnglesHint: {x: 0, y: 0, z: 0}
--- !u!1 &715262370
GameObject:
  m_ObjectHideFlags: 0
  m_PrefabParentObject: {fileID: 0}
  m_PrefabInternal: {fileID: 0}
  serializedVersion: 5
  m_Component:
  - component: {fileID: 715262375}
  - component: {fileID: 715262374}
  - component: {fileID: 715262373}
  - component: {fileID: 715262372}
  - component: {fileID: 715262371}
  m_Layer: 0
  m_Name: Main Camera
  m_TagString: MainCamera
  m_Icon: {fileID: 0}
  m_NavMeshLayer: 0
  m_StaticEditorFlags: 0
  m_IsActive: 1
--- !u!81 &715262371
AudioListener:
  m_ObjectHideFlags: 0
  m_PrefabParentObject: {fileID: 0}
  m_PrefabInternal: {fileID: 0}
  m_GameObject: {fileID: 715262370}
  m_Enabled: 1
--- !u!124 &715262372
Behaviour:
  m_ObjectHideFlags: 0
  m_PrefabParentObject: {fileID: 0}
  m_PrefabInternal: {fileID: 0}
  m_GameObject: {fileID: 715262370}
  m_Enabled: 1
--- !u!92 &715262373
Behaviour:
  m_ObjectHideFlags: 0
  m_PrefabParentObject: {fileID: 0}
  m_PrefabInternal: {fileID: 0}
  m_GameObject: {fileID: 715262370}
  m_Enabled: 1
--- !u!20 &715262374
Camera:
  m_ObjectHideFlags: 0
  m_PrefabParentObject: {fileID: 0}
  m_PrefabInternal: {fileID: 0}
  m_GameObject: {fileID: 715262370}
  m_Enabled: 1
  serializedVersion: 2
  m_ClearFlags: 1
  m_BackGroundColor: {r: 0.19215687, g: 0.3019608, b: 0.4745098, a: 0.019607844}
  m_NormalizedViewPortRect:
    serializedVersion: 2
    x: 0
    y: 0
    width: 1
    height: 1
  near clip plane: 0.3
  far clip plane: 1000
  field of view: 60
  orthographic: 1
  orthographic size: 8.271545
  m_Depth: -1
  m_CullingMask:
    serializedVersion: 2
    m_Bits: 4294967295
  m_RenderingPath: -1
  m_TargetTexture: {fileID: 0}
  m_TargetDisplay: 0
  m_TargetEye: 3
  m_HDR: 0
  m_AllowMSAA: 1
  m_AllowDynamicResolution: 0
  m_ForceIntoRT: 0
  m_OcclusionCulling: 0
  m_StereoConvergence: 10
  m_StereoSeparation: 0.022
--- !u!224 &715262375
RectTransform:
  m_ObjectHideFlags: 0
  m_PrefabParentObject: {fileID: 0}
  m_PrefabInternal: {fileID: 0}
  m_GameObject: {fileID: 715262370}
  m_LocalRotation: {x: 0, y: 0, z: 0, w: 1}
  m_LocalPosition: {x: 0, y: 0, z: -10}
  m_LocalScale: {x: 1, y: 1, z: 1}
  m_Children: []
  m_Father: {fileID: 0}
  m_RootOrder: 0
  m_LocalEulerAnglesHint: {x: 0, y: 0, z: 0}
  m_AnchorMin: {x: 0.5, y: 0.5}
  m_AnchorMax: {x: 0.5, y: 0.5}
  m_AnchoredPosition: {x: 0, y: 0}
  m_SizeDelta: {x: 100, y: 100}
  m_Pivot: {x: 0.5, y: 0.5}
--- !u!1 &803017296
GameObject:
  m_ObjectHideFlags: 0
  m_PrefabParentObject: {fileID: 0}
  m_PrefabInternal: {fileID: 0}
  serializedVersion: 5
  m_Component:
  - component: {fileID: 803017298}
  - component: {fileID: 803017297}
  m_Layer: 0
  m_Name: GoodFading
  m_TagString: Untagged
  m_Icon: {fileID: 0}
  m_NavMeshLayer: 0
  m_StaticEditorFlags: 0
  m_IsActive: 1
--- !u!114 &803017297
MonoBehaviour:
  m_ObjectHideFlags: 0
  m_PrefabParentObject: {fileID: 0}
  m_PrefabInternal: {fileID: 0}
  m_GameObject: {fileID: 803017296}
  m_Enabled: 1
  m_EditorHideFlags: 0
  m_Script: {fileID: 11500000, guid: b4c9cafba9b71024ab39398c2a784903, type: 3}
  m_Name: 
  m_EditorClassIdentifier: 
  FadePrefab: {fileID: 22329278, guid: ae1bd56d41d8ae141a4d65655e1e37b5, type: 2}
--- !u!4 &803017298
Transform:
  m_ObjectHideFlags: 0
  m_PrefabParentObject: {fileID: 0}
  m_PrefabInternal: {fileID: 0}
  m_GameObject: {fileID: 803017296}
  m_LocalRotation: {x: 0, y: 0, z: 0, w: 1}
  m_LocalPosition: {x: 0, y: 0, z: 0}
  m_LocalScale: {x: 1, y: 1, z: 1}
  m_Children: []
  m_Father: {fileID: 0}
  m_RootOrder: 6
  m_LocalEulerAnglesHint: {x: 0, y: 0, z: 0}
--- !u!1001 &842348979
Prefab:
  m_ObjectHideFlags: 0
  serializedVersion: 2
  m_Modification:
    m_TransformParent: {fileID: 0}
    m_Modifications:
    - target: {fileID: 444508, guid: 94252b0e537f1ba4ea1e914c8ded6f2b, type: 2}
      propertyPath: m_LocalPosition.x
      value: 0
      objectReference: {fileID: 0}
    - target: {fileID: 444508, guid: 94252b0e537f1ba4ea1e914c8ded6f2b, type: 2}
      propertyPath: m_LocalPosition.y
      value: 0
      objectReference: {fileID: 0}
    - target: {fileID: 444508, guid: 94252b0e537f1ba4ea1e914c8ded6f2b, type: 2}
      propertyPath: m_LocalPosition.z
      value: 0
      objectReference: {fileID: 0}
    - target: {fileID: 444508, guid: 94252b0e537f1ba4ea1e914c8ded6f2b, type: 2}
      propertyPath: m_LocalRotation.x
      value: 0
      objectReference: {fileID: 0}
    - target: {fileID: 444508, guid: 94252b0e537f1ba4ea1e914c8ded6f2b, type: 2}
      propertyPath: m_LocalRotation.y
      value: 0
      objectReference: {fileID: 0}
    - target: {fileID: 444508, guid: 94252b0e537f1ba4ea1e914c8ded6f2b, type: 2}
      propertyPath: m_LocalRotation.z
      value: 0
      objectReference: {fileID: 0}
    - target: {fileID: 444508, guid: 94252b0e537f1ba4ea1e914c8ded6f2b, type: 2}
      propertyPath: m_LocalRotation.w
      value: 1
      objectReference: {fileID: 0}
    - target: {fileID: 444508, guid: 94252b0e537f1ba4ea1e914c8ded6f2b, type: 2}
      propertyPath: m_RootOrder
      value: 1
      objectReference: {fileID: 0}
    - target: {fileID: 6169362, guid: 94252b0e537f1ba4ea1e914c8ded6f2b, type: 2}
      propertyPath: m_Size.x
      value: 25
      objectReference: {fileID: 0}
    - target: {fileID: 6169362, guid: 94252b0e537f1ba4ea1e914c8ded6f2b, type: 2}
      propertyPath: m_Size.y
      value: 15
      objectReference: {fileID: 0}
    - target: {fileID: 6169362, guid: 94252b0e537f1ba4ea1e914c8ded6f2b, type: 2}
      propertyPath: m_Offset.y
      value: -1.0061636
      objectReference: {fileID: 0}
    - target: {fileID: 6169362, guid: 94252b0e537f1ba4ea1e914c8ded6f2b, type: 2}
      propertyPath: m_Offset.x
      value: 0.07593727
      objectReference: {fileID: 0}
    m_RemovedComponents: []
  m_ParentPrefab: {fileID: 100100000, guid: 94252b0e537f1ba4ea1e914c8ded6f2b, type: 2}
  m_RootGameObject: {fileID: 972601081}
  m_IsPrefabParent: 0
--- !u!1 &884886997
GameObject:
  m_ObjectHideFlags: 0
  m_PrefabParentObject: {fileID: 179872, guid: af2216888f8d9c542913f38f6530970c, type: 2}
  m_PrefabInternal: {fileID: 0}
  serializedVersion: 5
  m_Component:
  - component: {fileID: 884886998}
  - component: {fileID: 884887000}
  - component: {fileID: 884886999}
  m_Layer: 5
  m_Name: Liczba prob Text
  m_TagString: Untagged
  m_Icon: {fileID: 0}
  m_NavMeshLayer: 0
  m_StaticEditorFlags: 0
  m_IsActive: 1
--- !u!224 &884886998
RectTransform:
  m_ObjectHideFlags: 0
  m_PrefabParentObject: {fileID: 22433630, guid: af2216888f8d9c542913f38f6530970c,
    type: 2}
  m_PrefabInternal: {fileID: 0}
  m_GameObject: {fileID: 884886997}
  m_LocalRotation: {x: 0, y: 0, z: 0, w: 1}
  m_LocalPosition: {x: 0, y: 0, z: 0}
  m_LocalScale: {x: 1, y: 1, z: 1}
  m_Children: []
  m_Father: {fileID: 1496773606}
  m_RootOrder: 0
  m_LocalEulerAnglesHint: {x: 0, y: 0, z: 0}
  m_AnchorMin: {x: 0, y: 1}
  m_AnchorMax: {x: 0, y: 1}
  m_AnchoredPosition: {x: 88.6, y: -21.6}
  m_SizeDelta: {x: 160, y: 30}
  m_Pivot: {x: 0.5, y: 0.5}
--- !u!114 &884886999
MonoBehaviour:
  m_ObjectHideFlags: 0
  m_PrefabParentObject: {fileID: 11423164, guid: af2216888f8d9c542913f38f6530970c,
    type: 2}
  m_PrefabInternal: {fileID: 0}
  m_GameObject: {fileID: 884886997}
  m_Enabled: 1
  m_EditorHideFlags: 0
  m_Script: {fileID: 708705254, guid: f5f67c52d1564df4a8936ccd202a3bd8, type: 3}
  m_Name: 
  m_EditorClassIdentifier: 
  m_Material: {fileID: 0}
  m_Color: {r: 0.19607843, g: 0.19607843, b: 0.19607843, a: 1}
  m_RaycastTarget: 1
  m_OnCullStateChanged:
    m_PersistentCalls:
      m_Calls: []
    m_TypeName: UnityEngine.UI.MaskableGraphic+CullStateChangedEvent, UnityEngine.UI,
      Version=1.0.0.0, Culture=neutral, PublicKeyToken=null
  m_FontData:
    m_Font: {fileID: 10102, guid: 0000000000000000e000000000000000, type: 0}
    m_FontSize: 14
    m_FontStyle: 0
    m_BestFit: 1
    m_MinSize: 10
    m_MaxSize: 40
    m_Alignment: 0
    m_AlignByGeometry: 0
    m_RichText: 1
    m_HorizontalOverflow: 0
    m_VerticalOverflow: 0
    m_LineSpacing: 1
  m_Text: "Liczba pr\xF3b: 0"
--- !u!222 &884887000
CanvasRenderer:
  m_ObjectHideFlags: 0
  m_PrefabParentObject: {fileID: 22225990, guid: af2216888f8d9c542913f38f6530970c,
    type: 2}
  m_PrefabInternal: {fileID: 0}
  m_GameObject: {fileID: 884886997}
--- !u!1 &972601081
GameObject:
  m_ObjectHideFlags: 0
  m_PrefabParentObject: {fileID: 121560, guid: 94252b0e537f1ba4ea1e914c8ded6f2b, type: 2}
  m_PrefabInternal: {fileID: 842348979}
  serializedVersion: 5
  m_Component:
  - component: {fileID: 972601083}
  - component: {fileID: 972601082}
  m_Layer: 0
  m_Name: PlayArea
  m_TagString: Untagged
  m_Icon: {fileID: 0}
  m_NavMeshLayer: 0
  m_StaticEditorFlags: 0
  m_IsActive: 1
--- !u!61 &972601082
BoxCollider2D:
  m_ObjectHideFlags: 0
  m_PrefabParentObject: {fileID: 6169362, guid: 94252b0e537f1ba4ea1e914c8ded6f2b,
    type: 2}
  m_PrefabInternal: {fileID: 842348979}
  m_GameObject: {fileID: 972601081}
  m_Enabled: 1
  m_Density: 1
  m_Material: {fileID: 0}
  m_IsTrigger: 0
  m_UsedByEffector: 0
  m_UsedByComposite: 0
  m_Offset: {x: 0.07593727, y: -1.0061636}
  m_SpriteTilingProperty:
    border: {x: 0, y: 0, z: 0, w: 0}
    pivot: {x: 0, y: 0}
    oldSize: {x: 0, y: 0}
    newSize: {x: 0, y: 0}
    adaptiveTilingThreshold: 0
    drawMode: 0
    adaptiveTiling: 0
  m_AutoTiling: 0
  serializedVersion: 2
  m_Size: {x: 25, y: 15}
  m_EdgeRadius: 0
--- !u!4 &972601083
Transform:
  m_ObjectHideFlags: 0
  m_PrefabParentObject: {fileID: 444508, guid: 94252b0e537f1ba4ea1e914c8ded6f2b, type: 2}
  m_PrefabInternal: {fileID: 842348979}
  m_GameObject: {fileID: 972601081}
  m_LocalRotation: {x: 0, y: 0, z: 0, w: 1}
  m_LocalPosition: {x: 0, y: 0, z: 0}
  m_LocalScale: {x: 1, y: 1, z: 1}
  m_Children: []
  m_Father: {fileID: 0}
  m_RootOrder: 3
  m_LocalEulerAnglesHint: {x: 0, y: 0, z: 0}
--- !u!1 &1496773602
GameObject:
  m_ObjectHideFlags: 0
  m_PrefabParentObject: {fileID: 121008, guid: af2216888f8d9c542913f38f6530970c, type: 2}
  m_PrefabInternal: {fileID: 0}
  serializedVersion: 5
  m_Component:
  - component: {fileID: 1496773606}
  - component: {fileID: 1496773605}
  - component: {fileID: 1496773604}
  - component: {fileID: 1496773603}
  m_Layer: 5
  m_Name: Liczba prob Canvas
  m_TagString: Untagged
  m_Icon: {fileID: 0}
  m_NavMeshLayer: 0
  m_StaticEditorFlags: 0
  m_IsActive: 1
--- !u!114 &1496773603
MonoBehaviour:
  m_ObjectHideFlags: 0
  m_PrefabParentObject: {fileID: 11475342, guid: af2216888f8d9c542913f38f6530970c,
    type: 2}
  m_PrefabInternal: {fileID: 0}
  m_GameObject: {fileID: 1496773602}
  m_Enabled: 1
  m_EditorHideFlags: 0
  m_Script: {fileID: 1301386320, guid: f5f67c52d1564df4a8936ccd202a3bd8, type: 3}
  m_Name: 
  m_EditorClassIdentifier: 
  m_IgnoreReversedGraphics: 1
  m_BlockingObjects: 0
  m_BlockingMask:
    serializedVersion: 2
    m_Bits: 4294967295
--- !u!114 &1496773604
MonoBehaviour:
  m_ObjectHideFlags: 0
  m_PrefabParentObject: {fileID: 11421134, guid: af2216888f8d9c542913f38f6530970c,
    type: 2}
  m_PrefabInternal: {fileID: 0}
  m_GameObject: {fileID: 1496773602}
  m_Enabled: 1
  m_EditorHideFlags: 0
  m_Script: {fileID: 1980459831, guid: f5f67c52d1564df4a8936ccd202a3bd8, type: 3}
  m_Name: 
  m_EditorClassIdentifier: 
  m_UiScaleMode: 1
  m_ReferencePixelsPerUnit: 100
  m_ScaleFactor: 1
  m_ReferenceResolution: {x: 800, y: 600}
  m_ScreenMatchMode: 0
  m_MatchWidthOrHeight: 0
  m_PhysicalUnit: 3
  m_FallbackScreenDPI: 96
  m_DefaultSpriteDPI: 96
  m_DynamicPixelsPerUnit: 1
--- !u!223 &1496773605
Canvas:
  m_ObjectHideFlags: 0
  m_PrefabParentObject: {fileID: 22386100, guid: af2216888f8d9c542913f38f6530970c,
    type: 2}
  m_PrefabInternal: {fileID: 0}
  m_GameObject: {fileID: 1496773602}
  m_Enabled: 1
  serializedVersion: 3
  m_RenderMode: 0
  m_Camera: {fileID: 0}
  m_PlaneDistance: 100
  m_PixelPerfect: 0
  m_ReceivesEvents: 1
  m_OverrideSorting: 0
  m_OverridePixelPerfect: 0
  m_SortingBucketNormalizedSize: 0
  m_AdditionalShaderChannelsFlag: 25
  m_SortingLayerID: 0
  m_SortingOrder: 0
  m_TargetDisplay: 0
--- !u!224 &1496773606
RectTransform:
  m_ObjectHideFlags: 0
  m_PrefabParentObject: {fileID: 22436508, guid: af2216888f8d9c542913f38f6530970c,
    type: 2}
  m_PrefabInternal: {fileID: 0}
  m_GameObject: {fileID: 1496773602}
  m_LocalRotation: {x: 0, y: 0, z: 0, w: 1}
  m_LocalPosition: {x: 0, y: 0, z: 0}
  m_LocalScale: {x: 0, y: 0, z: 0}
  m_Children:
  - {fileID: 884886998}
  m_Father: {fileID: 0}
  m_RootOrder: 7
  m_LocalEulerAnglesHint: {x: 0, y: 0, z: 0}
  m_AnchorMin: {x: 0, y: 0}
  m_AnchorMax: {x: 0, y: 0}
  m_AnchoredPosition: {x: 0, y: 0}
  m_SizeDelta: {x: 0, y: 0}
  m_Pivot: {x: 0, y: 0}
--- !u!1 &2129685508
GameObject:
  m_ObjectHideFlags: 0
  m_PrefabParentObject: {fileID: 0}
  m_PrefabInternal: {fileID: 0}
  serializedVersion: 5
  m_Component:
  - component: {fileID: 2129685510}
  - component: {fileID: 2129685509}
  m_Layer: 0
  m_Name: background4
  m_TagString: Untagged
  m_Icon: {fileID: 0}
  m_NavMeshLayer: 0
  m_StaticEditorFlags: 0
  m_IsActive: 1
--- !u!212 &2129685509
SpriteRenderer:
  m_ObjectHideFlags: 0
  m_PrefabParentObject: {fileID: 0}
  m_PrefabInternal: {fileID: 0}
  m_GameObject: {fileID: 2129685508}
  m_Enabled: 1
  m_CastShadows: 0
  m_ReceiveShadows: 0
  m_DynamicOccludee: 1
  m_MotionVectors: 1
  m_LightProbeUsage: 0
  m_ReflectionProbeUsage: 0
  m_RenderingLayerMask: 4294967295
  m_Materials:
  - {fileID: 10754, guid: 0000000000000000f000000000000000, type: 0}
  m_StaticBatchInfo:
    firstSubMesh: 0
    subMeshCount: 0
  m_StaticBatchRoot: {fileID: 0}
  m_ProbeAnchor: {fileID: 0}
  m_LightProbeVolumeOverride: {fileID: 0}
  m_ScaleInLightmap: 1
  m_PreserveUVs: 0
  m_IgnoreNormalsForChartDetection: 0
  m_ImportantGI: 0
  m_StitchLightmapSeams: 0
  m_SelectedEditorRenderState: 0
  m_MinimumChartSize: 4
  m_AutoUVMaxDistance: 0.5
  m_AutoUVMaxAngle: 89
  m_LightmapParameters: {fileID: 0}
  m_SortingLayerID: 0
  m_SortingLayer: 0
  m_SortingOrder: -1
  m_Sprite: {fileID: 21300000, guid: ebe4c065d0f9401458fa42516624b5e0, type: 3}
  m_Color: {r: 1, g: 1, b: 1, a: 1}
  m_FlipX: 0
  m_FlipY: 0
  m_DrawMode: 0
  m_Size: {x: 1, y: 1}
  m_AdaptiveModeThreshold: 0.5
  m_SpriteTileMode: 0
  m_WasSpriteAssigned: 1
  m_MaskInteraction: 0
--- !u!4 &2129685510
Transform:
  m_ObjectHideFlags: 0
  m_PrefabParentObject: {fileID: 0}
  m_PrefabInternal: {fileID: 0}
  m_GameObject: {fileID: 2129685508}
  m_LocalRotation: {x: 0, y: 0, z: 0, w: 1}
  m_LocalPosition: {x: -0.04, y: 0.03, z: 0}
  m_LocalScale: {x: 1.3923599, y: 1.0038363, z: 1}
  m_Children: []
  m_Father: {fileID: 0}
  m_RootOrder: 2
  m_LocalEulerAnglesHint: {x: 0, y: 0, z: 0}
--- !u!1 &2146343988
GameObject:
  m_ObjectHideFlags: 0
  m_PrefabParentObject: {fileID: 0}
  m_PrefabInternal: {fileID: 0}
  serializedVersion: 5
  m_Component:
  - component: {fileID: 2146343990}
  - component: {fileID: 2146343989}
  m_Layer: 0
  m_Name: WrongFading
  m_TagString: Untagged
  m_Icon: {fileID: 0}
  m_NavMeshLayer: 0
  m_StaticEditorFlags: 0
  m_IsActive: 1
--- !u!114 &2146343989
MonoBehaviour:
  m_ObjectHideFlags: 0
  m_PrefabParentObject: {fileID: 0}
  m_PrefabInternal: {fileID: 0}
  m_GameObject: {fileID: 2146343988}
  m_Enabled: 1
  m_EditorHideFlags: 0
  m_Script: {fileID: 11500000, guid: 9e707030da649e245b4dd7e3f2b3e974, type: 3}
  m_Name: 
  m_EditorClassIdentifier: 
  FadePrefab: {fileID: 22387476, guid: f14bf69fd577a584b9cfa5c9fa1c1faf, type: 2}
--- !u!4 &2146343990
Transform:
  m_ObjectHideFlags: 0
  m_PrefabParentObject: {fileID: 0}
  m_PrefabInternal: {fileID: 0}
  m_GameObject: {fileID: 2146343988}
  m_LocalRotation: {x: 0, y: 0, z: 0, w: 1}
  m_LocalPosition: {x: 0, y: 0, z: 0}
  m_LocalScale: {x: 1, y: 1, z: 1}
  m_Children: []
  m_Father: {fileID: 0}
  m_RootOrder: 4
  m_LocalEulerAnglesHint: {x: 0, y: 0, z: 0}
